@techreport{USRP,
author = {Universal Software Radio Peripheral},
file = {:C$\backslash$:/Users/USUARIO/Desktop/LIBRO HOMERO V2/Bibliografia/376358a.pdf:pdf},
title = {{GETTING STARTED GUIDE
NI USRP-2920/2921/2922}},
url = {URL{http://www.ni.com/pdf/manuals/376358a.pdf}},
}

@article{Harris2001,
abstract = {This paper describes the use of a polyphase filterbank to perform the interpolations required for symbol timing synchronization in a sampled-data receiver. The polyphase filterbank possesses advantages over architectures based on separate matched and interpolation filters. Interpolations are realized by filterbank index selection and a separate interpolating filter following the matched filter is not required. Maximum likelihood timing synchronization techniques can be easily incorporated into the polyphase filter bank in a natural way. An M-stage polyphase filterbank with input data sampled at approximately N samples/symbol can be used in a loop that operates at MN samples/symbol, N samples/symbol, or 1 sample/symbol. When operating at 1 sample/symbol, auxiliary control must also be included to adjust the clocking of data into the filter bank to account for small differences in the sample clock and N times the data clock. Examples are presented to illustrate loop performance and control},
author = {Harris, Fredric J. and Rice, Michael},
doi = {10.1109/49.974601},
file = {:C$\backslash$:/Users/USUARIO/Desktop/LIBRO HOMERO V2/Bibliografia/10.1.1.127.1757.pdf:pdf},
isbn = {0733-8716},
issn = {07338716},
journal = {IEEE Journal on Selected Areas in Communications},
keywords = {Digital communication,Digital filters,Synchronization},
mendeley-groups = {LIBRO-COMDIG},
number = {12},
pages = {2346--2357},
pmid = {16381790},
title = {{Multirate digital filters for symbol timing synchronization in software defined radios}},
volume = {19},
year = {2001}
}

@misc{USRPtutorial,
author = {Universal Software Radio Peripheral},
booktitle = {Per{\'{i}}odico El Tiempo},
file = {:C$\backslash$:/Users/USUARIO/Desktop/LIBRO HOMERO V2/Bibliografia/Es como el tutorial de todos los tutoriales. Comienza explicando lo más básico, qué es gnu radio, como se instala,  incluso explica cómo obtener ayuda en cualquier problema que se presente, hasta la oferta de tutoriales de todo tipo.pdf },
month = {aug},
title = {Tutoriales GNU Radio},
url = {https://wiki.gnuradio.org/index.php/Main_Page},
year = {2015}
}

@misc{WWF2017,
author = {WWF},
file = {:home/cemos/Dropbox/Maestria UIS/2018-II/Plan/Bibliografia/15 especies colombianas de {\'{a}}rboles amenazados {\_} WWF.pdf:pdf},
title = {15 especies colombianas de {\'{a}}rboles amenazados},
url = {http://www.wwf.org.co/?uNewsID=299073},
year = {2017}
}

@book{MACONDO,
author = {J. Balcells},
file = {:C$\backslash$:/Users/USUARIO/Desktop/LIBRO HOMERO V2/interferencias electromagnéticas en sistemas electrónicos.pdf:pdf},
isbn = {84-267-0841-2},
pages = {85-90},
publisher = {MACONDO SA},
title = {{Interferencias electromagnéticas en sistemas electrónicos}},
year = {1992}
}

@article{Medidor,
author = {R. M. CASTEJÓN},
file = {:C$\backslash$:/Users/USUARIO/Desktop/LIBRO HOMERO V2/Bibliografia/30046880.pdf:pdf},
mendeley-groups = {LIBRO-COMDIG},
pages = {104},
title = {{Medidor de la Intensidad Ambiental de Campo Electromagnético, EFM}},
year = {2013}
}

@article{ElectronicCommunicationsCommitteeECC2003,
author = {{Electronic Communications Committee (ECC)}},
file = {:C$\backslash$:/Users/USUARIO/Desktop/LIBRO HOMERO V2/Bibliografia/Recommendation CEPT 204 new.pdf:pdf},
journal = {October},
mendeley-groups = {LIBRO-COMDIG},
number = {02},
pages = {1--20},
title = {{MEASURING NON-IONISING ELECTROMAGNETIC RADIATION (9 kHz – 300 GHz)}},
year = {2003}
}

@article{Mayorga2008,
author = {Mayorga, Cesar Augusto Jerez},
file = {:C$\backslash$:/Users/USUARIO/Desktop/LIBRO HOMERO V2/Bibliografia/T42.08 J475l.pdf:pdf},
journal = {Universidad De La Salle, Facultad De Ingenieria Electrica},
mendeley-groups = {LIBRO-COMDIG},
pages = {0--103},
title = {{Laboratorio virtual para el an{\'{a}}lisis predictivo de fallas en motores de inducci{\'{o}}n de baja potencia}},
year = {2008}
}

@article{Banol2011,
author = {Ba{\~{n}}ol, Victor and Guavita, Carolina and L{\'{o}}pez, Maria Alejandra},
file = {:C$\backslash$:/Users/USUARIO/Desktop/LIBRO HOMERO V2/Bibliografia/530141B221.pdf:pdf},
journal = {UNIVERSIDAD TECNOL{\'{O}}GICA DE PEREIRA FACULTAD},
mendeley-groups = {LIBRO-COMDIG},
title = {{Dise{\~{n}}o e implementaci{\'{o}}n de procedimientos t{\'{e}}cnicos para la evaluaci{\'{o}}n del riesgo de los campos electromagn{\'{e}}ticos producidos por la telefon{\'{i}}a m{\'{o}}vil celular.}},
volume = {1},
year = {2011}
}

@article{Mejia2012,
author = {Mejia, Yuri Hercilia and Ortega, Homero and Pineda, Marcos Duvan},
doi = {10.1109/ColComCon.2012.6233651},
file = {:C$\backslash$:/Users/USUARIO/Desktop/LIBRO HOMERO V2/Bibliografia/06233651.pdf:pdf},
isbn = {978-1-4673-1269-1},
journal = {2012 IEEE Colombian Communications Conference (COLCOM)},
keywords = {imt propagation,radiation pattern,radio propagation,ray-,tracing,urban microcells,wireless channel},
mendeley-groups = {LIBRO-COMDIG},
number = {1},
pages = {1--6},
title = {{A model for urban microcell radio propagation prediction focused on reliable implementation}},
url = {http://ieeexplore.ieee.org/lpdocs/epic03/wrapper.htm?arnumber=6233651},
year = {2012}
}

@article{Telecommunication,
abstract = {Recommendation ITU-T K.52 aims to help with compliance of telecommunication installations and mobile handsets or other radiating devices used against the head with safety limits for human exposure to electromagnetic fields (EMFs). It presents general guidance, a calculation method and an installation assessment procedure. The assessment procedure for telecommunication installations, based on safety limits provided by the International Commission on Non-Ionizing Radiation Protection (ICNIRP), helps users determine the likelihood of installation compliance based on accessibility criteria, antenna properties and emitter power. The IEC Standard for the compliance measurement of mobile handsets is recommended.},
author = {{Telecommunication Standardization Sector of ITU}},
file = {:C$\backslash$:/Users/USUARIO/Desktop/LIBRO HOMERO V2/Bibliografia/T-REC-K.52-201408-S!!PDF-E.pdf:pdf},
journal = {Series K: Protection Against Interference},
keywords = {K.52,K,52},
mendeley-groups = {LIBRO-COMDIG},
title = {{K.52 : Guidance on complying with limits for human exposure to electromagnetic fields}},
url = {https://www.itu.int/rec/T-REC-K.52-201612-I/en},
volume = {52},
year = {2017}
}

@article{International2008,
abstract = {This Recommendation helps telecommunication operators to verify compliance with exposure standards promulgated by local or national authorities. This Recommendation gives guidance on measurement methods that can be used to achieve a compliance assessment. It also provides guidance on the selection of numerical methods suitable for exposure prediction in various situations.},
author = {{International Telecommunication Union}},
file = {:C$\backslash$:/Users/USUARIO/Desktop/LIBRO HOMERO V2/Bibliografia/T-REC-K.61-200802.pdf:pdf},
mendeley-groups = {LIBRO-COMDIG},
pages = {1--30},
title = {{ITU-T K.61. Guidance on measurement and numerical prediction of electromagnetic fields for compliance with human exposure limits for telecommunication installations}},
year = {2008}
}

@article{Limiting2016,
abstract = {The proceedings contain 55 papers. The topics discussed include: high efficiency video coding; computational models for predicting sound quality; the crucial role of mathematics in circuits, systems and signal processing research and education; iterative error correction with double/triple error detection; exploiting features of symmetric polynomials for improved comb filter design; evolutionary algorithm for transformation of short-time signal into frequency-domain description; rough set-based classification of EEG signals related to real and imagery motion; automatic tuning of hyperparameters for NMF-based face recognition system; and a handwritten signature verification method employing a tablet.},
author = {Limiting, F O R and To, Exposure},
doi = {10.1097/HP.0b013e3181f06c86},
file = {:C$\backslash$:/Users/USUARIO/Desktop/LIBRO HOMERO V2/Bibliografia/ICNIRPemfgdl.pdf:pdf},
isbn = {9788362065301},
issn = {23260319},
journal = {Signal Processing - Algorithms, Architectures, Arrangements, and Applications Conference Proceedings, SPA},
mendeley-groups = {LIBRO-COMDIG},
title = {{Signal Processing - Algorithms, Architectures, Arrangements, and Applications Conference Proceedings, SPA}},
url = {https://www.scopus.com/inward/record.uri?eid=2-s2.0-85014178708{\&}partnerID=40{\&}md5=b71e802bb302014ac0522503671d45ba},
year = {2016}
}

@article{Communication1998,
author = {Communication, Mobile and Technologies, Wireless},
file = {:C$\backslash$:/Users/USUARIO/Desktop/LIBRO HOMERO V2/Bibliografia/00004032-200804000-00011.pdf:pdf},
mendeley-groups = {LIBRO-COMDIG},
title = {{ICNIRP Statement ICNIRP STATEMENT ON EMF-EMITTING The International Commission on Non-Ionizing Radiation Protection *}},
year = {1998}
}

@article{Communication1998,
author = {Communication, Mobile and Technologies, Wireless},
file = {:C$\backslash$:/Users/USUARIO/Desktop/LIBRO HOMERO V2/Bibliografia/00004032-200804000-00011.pdf:pdf},
mendeley-groups = {LIBRO-COMDIG},
title = {{ICNIRP Statement ICNIRP STATEMENT ON EMF-EMITTING The International Commission on Non-Ionizing Radiation Protection *}},
year = {1998}
}

@article{Faraone2000,
abstract = {This paper investigates the character of the average power density in the close proximity of base-station antennas, where human exposure to electromagnetic fields radiated from such radiofrequency (RF) sources is the highest. The concept of average power density is used since, in proximity of a large array antenna, the direction of the power flow at a given point is not readily predictable because of the substantially diverging path lengths and direction of propagation of the energy arriving from different array elements. This quantity Is shown to have a marked cylindrical decay near the antennas, which converts to spherical in the far field. On this basis, a set of simple prediction formulas is derived to allow the estimation of the average power density with good precision. The latest IEEE C95.1-1999 Standard for RF safety calls for spatially averaged measurements of incident power density to verify compliance to maximum permissible exposure limits. The advantage of using the concept of average power density and the resulting prediction formulas is that the evaluation of the exposure of humans near cellular base-station antennas becomes extremely simple during surveys when large computerized scanning equipment may not be available},
author = {Faraone, Antonio and Tay, Roger Yew Siow and Joyner, Ken H. and Balzano, Quirino},
doi = {10.1109/25.845115},
file = {:C$\backslash$:/Users/USUARIO/Desktop/LIBRO HOMERO V2/Bibliografia/00845115.pdf:pdf},
issn = {00189545},
journal = {IEEE Transactions on Vehicular Technology},
mendeley-groups = {LIBRO-COMDIG},
number = {3},
pages = {984--996},
title = {{Estimation of the average power density in the vicinity of cellular base-station collinear array antennas}},
volume = {49},
year = {2000}
}

@article{Osburn1996,
author = {Osburn, John D M},
file = {:C$\backslash$:/Users/USUARIO/Desktop/LIBRO HOMERO V2/Bibliografia/EMC{\_}Antenna{\_}Parameters.pdf:pdf},
mendeley-groups = {LIBRO-COMDIG},
number = {3},
pages = {11--13},
title = {{EMC Antenna Parameters and Their Relationships}},
url = {http://www.idc-online.com/technical{\_}references/pdfs/electronic{\_}engineering/EMC{\_}Antenna{\_}Parameters.pdf},
year = {1996}
}

@article{SANCHEZ2010,
abstract = {The electromagnetic pollution could increase because the increase in the number of cellular mobile telephone antenna in urban areas of cities, this has raised the concern of residents in cities. This article aims to examine pollution electromagnetic non-ionizing fields making measurements of band wide in representative sectors of the city of Bucaramanga taking the type of area and the number of antennas around, so to determine whether exposure limits allowed for general public in the recommendation ITU-T K.52 International. (English) [ABSTRACT FROM AUTHOR]},
author = { Rodríguez, Cesar Camilo and Peña, Sandra Milena and Ortega, Homero },
file = {:C$\backslash$:/Users/USUARIO/Desktop/LIBRO HOMERO V2/Bibliografia/Estudio{\_}de{\_}los{\_}niveles{\_}de{\_}radiacin{\_}electromagnetica{\_}no{\_}ionizante{\_}en{\_}varias{\_}zonas{\_}de{\_}la{\_}ciudad{\_}de{\_}Buc.pdf:pdf},
issn = {16574583},
journal = {UIS Ingenier{\'{i}}as},
keywords = {ANTENNAS (Electronics),BUCARAMANGA (Colombia),CELL phones,CITIES {\&} towns,COLOMBIA,ELECTROMAGNETIC fields,ELECTROMAGNETIC waves,INTERNATIONAL Telecommunication Union,Niveles de exposici{\'{o}}n seguros,Radiaci{\'{o}}n electromagn{\'{e}}tica no ionizante,contaminaci{\'{o}}n  electromagn{\'{e}}tica,electrosmog,field measurements,level safety,mediciones de campos,n-ionizing Electromagnetic radiation},
mendeley-groups = {LIBRO-COMDIG},
number = {2},
pages = {207--218},
title = {{ESTUDIO DE LOS NIVELES DE RADIACI{\'{O}}N ELECTROMAGN{\'{E}}TICA NO IONIZANTE EN VARIAS ZONAS DE LA CIUDAD DE BUCARAMANGA. (Spanish)}},
url = {http://search.ebscohost.com/login.aspx?direct=true{\&}db=zbh{\&}AN=65359896{\&}lang=es{\&}site=eds-live},
volume = {9},
year = {2010}
}

@article{Gottlieb1973,
author = {Gottlieb, Attorney-george and Rackman, Michael I},
file = {:C$\backslash$:/Users/USUARIO/Desktop/LIBRO HOMERO V2/Bibliografia/US3731186.pdf:pdf},
journal = {US Patent. US 3731186},
mendeley-groups = {LIBRO-COMDIG},
number = {19},
pages = {8},
title = {{Radio frequency measurements}},
year = {1973}
}

@book{PerezFontan2008,
author = {{P{\'{e}}rez Font{\'{a}}n}, F and {Mari{\~{n}}o Espi{\~{n}}eira}, P},
booktitle = {Print Media},
doi = {10.1002/9780470751749},
file = {:C$\backslash$:/Users/USUARIO/Desktop/LIBRO HOMERO V2/Bibliografia/9780470751749.fmatter.pdf:pdf},
isbn = {9780470518472},
mendeley-groups = {LIBRO-COMDIG},
pages = {252},
title = {{Modeling the Wireless Propagation Channel}},
url = {http://doi.wiley.com/10.1002/9780470751749},
year = {2008}
}

@article{Seelenfreund2011,
abstract = {USA Patent: US 20120264377 A1},
archivePrefix = {arXiv},
arxivId = {arXiv:1208.5721},
author = {Seelenfreund, Marc and Shor, Ronen and Hauptman, Yirmi},
doi = {10.1038/incomms1464},
eprint = {arXiv:1208.5721},
file = {:C$\backslash$:/Users/USUARIO/Desktop/LIBRO HOMERO V2/Bibliografia/US8559885.pdf:pdf},
isbn = {1020080012051},
issn = {2004001828},
mendeley-groups = {LIBRO-COMDIG},
number = {12},
pmid = {1000182772},
title = {{System and method for measurement of parameters of radio-frequency transmission devices.}},
volume = {2},
year = {2011}
}

@article{ComisiondeRegulaciondeComunicaciones2007,
author = {{Comision de Regulacion de Comunicaciones}},
file = {:C$\backslash$:/Users/USUARIO/Desktop/LIBRO HOMERO V2/Bibliografia/NGN-EstudioIntegral{\_}DA.pdf:pdf},
journal = {Estudio Gubernamental},
mendeley-groups = {LIBRO-COMDIG},
title = {{Estudio Integral de Redes de Nueva Generaci{\'{o}}n y Convergencia}},
year = {2007}
}

@techreport{MarcosTeranCarazo2016,
author = {{Marcos Ter{\'{a}}n Carazo}},
file = {:C$\backslash$:/Users/USUARIO/Desktop/LIBRO HOMERO V2/Bibliografia/386592.pdf:pdf},
mendeley-groups = {Libro Comdig,LIBRO-COMDIG},
title = {{RECEPCI{\'{O}}N DE SE{\~{N}}AL DE TELEVISI{\'{O}}N DIGITAL TERRESTRE MEDIA NTE RADIO DEFINIDA POR SOFTWARE  (DVB-T signal recepti on with Software Defined Radio)}},
year = {2016}
}
